@article{stankowski2019widespread,
  title={Widespread selection and gene flow shape the genomic landscape during a radiation of monkeyflowers},
  author={Stankowski, Sean and Chase, Madeline A and Fuiten, Allison M and Rodrigues, Murillo F and Ralph, Peter L and Streisfeld, Matthew A},
  journal={PLoS biology},
  volume={17},
  number={7},
  pages={e3000391},
  year={2019},
  publisher={Public Library of Science}
}

@article{rodrigues2021genomic,
  title={Genomic Responses to Climate Change: Making the Most of the Drosophila Model},
  author={Rodrigues, Murillo F and Cogni, Rodrigo},
  journal={Frontiers in Genetics},
  volume={12},
  pages={676218},
  year={2021},
  publisher={Frontiers Media SA}
}

@article{rodrigues2021clinal,
  title={Clinal and seasonal changes are correlated in Drosophila melanogaster natural populations},
  author={Rodrigues, Murillo F and Vibranovski, Maria D and Cogni, Rodrigo},
  journal={Evolution},
  volume={75},
  number={8},
  pages={2042--2054},
  year={2021},
  publisher={Blackwell Publishing Inc Malden, USA}
}

@article{baumdicker2022efficient,
  title={Efficient ancestry and mutation simulation with msprime 1.0},
  author={Baumdicker, Franz and Bisschop, Gertjan and Goldstein, Daniel and Gower, Graham and Ragsdale, Aaron P and Tsambos, Georgia and Zhu, Sha and Eldon, Bjarki and Ellerman, E Castedo and Galloway, Jared G and others},
  journal={Genetics},
  volume={220},
  number={3},
  pages={iyab229},
  year={2022},
  publisher={Oxford University Press}
}

@article{estevez2021origin,
  title={The origin and evolution of loqs2: a gene encoding an antiviral dsRNA binding protein in Aedes mosquitoes},
  author={Estevez-Castro, Carlos F and Rodrigues, Murillo F and Babarit, Antin{\'e}a and Ferreira, Fl{\'a}via Viana and Marois, Eric and Cogni, Rodrigo and Marques, Jo{\~a}o Trindade and Olmo, Roenick Proveti},
  journal={bioRxiv},
  pages={2021--12},
  year={2021},
  publisher={Cold Spring Harbor Laboratory}
}

@article{lauterbur2022expanding,
  title={Expanding the stdpopsim species catalog, and lessons learned for realistic genome simulations},
  author={Lauterbur, M Elise and Cavassim, Maria Izabel A and Gladstein, Ariella L and Gower, Graham and Pope, Nathaniel S and Tsambos, Georgia and Adrion, Jeff and Belsare, Saurabh and Biddanda, Arjun and Caudill, Victoria and others},
  journal={BioRxiv},
  pages={2022--10},
  year={2022},
  publisher={Cold Spring Harbor Laboratory}
}

@article{rodrigues2023shared,
  title={Shared evolutionary processes shape landscapes of genomic variation in the great apes},
  author={Rodrigues, Murillo F and Kern, Andrew D and Ralph, Peter L},
  journal={bioRxiv},
  pages={2023--02},
  year={2023},
  publisher={Cold Spring Harbor Laboratory}
}
